@article{de2002thermal,
	title={Thermal comfort in naturally ventilated buildings: revisions to ASHRAE Standard 55},
	author={De Dear, Richard J and Brager, Gail S},
	journal={Energy and buildings},
	volume={34},
	number={6},
	pages={549--561},
	year={2002},
	publisher={Elsevier}
}

@article{ashrae2013standard,
	title={Standard 55-2013},
	author={ASHRAE, ASHRAE Standard},
	journal={Thermal environmental conditions for human occupancy},
	pages={12},
	year={2013}
}

@inproceedings{shann2017save,
	title={Save money or feel cozy?: A field experiment evaluation of a smart thermostat that learns heating preferences},
	author={Shann, Mike and Alan, Alper and Seuken, Sven and Costanza, Enrico and Ramchurn, Sarvapali D},
	booktitle={Proceedings of the 16th Conference on Autonomous Agents and MultiAgent Systems},
	pages={1008--1016},
	year={2017},
	organization={International Foundation for Autonomous Agents and Multiagent Systems}
}

@article{keskin2018occupant,
	title={On Occupant Behavior and Innovation Studies Towards High Performance Buildings: A Transdisciplinary Approach},
	author={Keskin, Cem and Meng{\"u}{\c{c}}, M},
	journal={Sustainability},
	volume={10},
	number={10},
	pages={3567},
	year={2018},
	publisher={Multidisciplinary Digital Publishing Institute}
}

@incollection{fabbri2015brief,
	title={A brief history of thermal comfort: from effective temperature to adaptive thermal comfort},
	author={Fabbri, Kristian},
	booktitle={Indoor Thermal Comfort Perception},
	pages={7--23},
	year={2015},
	publisher={Springer}
}

@phdthesis{auffenberg2017comfort,
	title={A comfort-based, energy-aware HVAC agent and its applications in the smart grid},
	author={Auffenberg, Frederik},
	year={2017},
	school={University of Southampton}
}

@article{daniel2015model,
	title={A model for the cooling effect of air movement},
	author={Daniel, Lyrian and Williamson, Terence and Soebarto, Veronica and Chen, Dong},
	journal={Measurement},
	pages={286},
	year={2015}
}

@article{yu2015application,
	title={Application of multi-objective genetic algorithm to optimize energy efficiency and thermal comfort in building design},
	author={Yu, Wei and Li, Baizhan and Jia, Hongyuan and Zhang, Ming and Wang, Di},
	journal={Energy and Buildings},
	volume={88},
	pages={135--143},
	year={2015},
	publisher={Elsevier}
}

@article{mishra2013field,
	title={Field studies on human thermal comfortâ€”an overview},
	author={Mishra, Asit Kumar and Ramgopal, Maddali},
	journal={Building and Environment},
	volume={64},
	pages={94--106},
	year={2013},
	publisher={Elsevier}
}

@article{rogers2013intelligent,
	title={Intelligent efficiency: opportunities, barriers, and solutions},
	author={Rogers, Ethan A and Elliott, R Neal and Kwatra, Sameer and Trombley, Dan and Nadadur, Vasanth},
	journal={American Council for an Energy-Efficient Economy, Report E13J},
	year={2013}
}

@article{hensen1990literature,
	title={Literature review on thermal comfort in transient conditions},
	author={Hensen, JLM},
	journal={Building and Environment},
	volume={25},
	number={4},
	pages={309--316},
	year={1990},
	publisher={Elsevier}
}

@book{american1992ashrae,
	title={ASHRAE STANDARD: An American Standard: Thermal Environmental Conditions for Human Occupancy},
	author={American society of heating refrigerating and air conditioning engineers},
	year={1992},
	publisher={American Society of Heating refrigerationg and air conditioning engineers}
}





