@book{daly1997beyond,
  title={Beyond growth: the economics of sustainable development},
  author={Daly, Herman E},
  year={1997},
  publisher={Beacon Press}
}

@article{plumecocq2014second,
  title={The second generation of ecological economics: How far has the apple fallen from the tree?},
  author={Plumecocq, Ga{\"e}l},
  journal={Ecological Economics},
  volume={107},
  pages={457--468},
  year={2014},
  publisher={Elsevier}
}

@article{costanza1997value,
  title={The value of the world's ecosystem services and natural capital},
  author={Costanza, Robert and d'Arge, Ralph and De Groot, Rudolf and Farber, Stephen and Grasso, Monica and Hannon, Bruce and Limburg, Karin and Naeem, Shahid and O'neill, Robert V and Paruelo, Jose and others},
  journal={nature},
  volume={387},
  number={6630},
  pages={253},
  year={1997},
  publisher={Nature publishing group}
}

@article{dalmazzone2013multi,
  title={Multi-scale environmental accounting: Methodological lessons from the application of NAMEA at sub-national levels},
  author={Dalmazzone, Silvana and La Notte, Alessandra},
  journal={Journal of environmental management},
  volume={130},
  pages={405--416},
  year={2013},
  publisher={Elsevier}
}

@article{pedro2016use,
  title={The use of AQUATOOL DSS applied to the System of Environmental-Economic Accounting for Water (SEEAW)},
  author={Pedro-Monzon{\'\i}s, Mar{\'\i}a and Jim{\'e}nez-Fern{\'a}ndez, Pedro and Solera, Abel and Jim{\'e}nez-Gavil{\'a}n, Pablo},
  journal={Journal of Hydrology},
  volume={533},
  pages={1--14},
  year={2016},
  publisher={Elsevier}
}

@article{rockstrom2009safe,
  title={A safe operating space for humanity},
  author={Rockstr{\"o}m, Johan and Steffen, Will and Noone, Kevin and Persson, {\AA}sa and Chapin III, F Stuart and Lambin, Eric F and Lenton, Timothy M and Scheffer, Marten and Folke, Carl and Schellnhuber, Hans Joachim and others},
  journal={nature},
  volume={461},
  number={7263},
  pages={472},
  year={2009},
  publisher={Nature Publishing Group}
}

@article{assessment2005millennium,
  title={Millennium ecosystem assessment},
  author={Assessment, Millennium Ecosystem},
  journal={Ecosystems and Human Well-Being: Biodiversity Synthesis, Published by World Resources Institute, Washington, DC},
  year={2005}
}

@article{zhiming2017valuation,
  title={Valuation on Forest Ecosystem Services of Nanling National Nature Reserve.},
  author={Zhiming, CHENG and Fangjun, LIAO and Yong, XIE and Zongjun, LIU},
  journal={Journal of Landscape Research},
  volume={9},
  number={3},
  year={2017}
}

@book{mitchell2013using,
  title={Using surveys to value public goods: the contingent valuation method},
  author={Mitchell, Robert Cameron and Carson, Richard T},
  year={2013},
  publisher={Rff Press}
}

@article{mace2012biodiversity,
  title={Biodiversity and ecosystem services: a multilayered relationship},
  author={Mace, Georgina M and Norris, Ken and Fitter, Alastair H},
  journal={Trends in ecology \& evolution},
  volume={27},
  number={1},
  pages={19--26},
  year={2012},
  publisher={Elsevier}
}

@article{cimon2013fostering,
  title={Fostering synergies between ecosystem services and biodiversity in conservation planning: a review},
  author={Cimon-Morin, J{\'e}r{\^o}me and Darveau, Marcel and Poulin, Monique},
  journal={Biological Conservation},
  volume={166},
  pages={144--154},
  year={2013},
  publisher={Elsevier}
}

@article{de2010challenges,
  title={Challenges in integrating the concept of ecosystem services and values in landscape planning, management and decision making},
  author={De Groot, Rudolf S and Alkemade, Rob and Braat, Leon and Hein, Lars and Willemen, Louise},
  journal={Ecological complexity},
  volume={7},
  number={3},
  pages={260--272},
  year={2010},
  publisher={Elsevier}
}

@article{garrod1999economic,
  title={Economic valuation of the environment},
  author={Garrod, Guy and Willis, Kenneth G and others},
  journal={Books},
  year={1999},
  publisher={Edward Elgar Publishing}
}

@techreport{braat2008cost,
  title={The Cost of Policy Inaction: The case of not meeting the 2010 biodiversity target},
  author={Braat, LC and ten Brink, PE and Klok, TC},
  year={2008},
  institution={Alterra}
}
