@article{krakowka2012modeling,
  title={Modeling Environmental Security in Sub-Saharan Africa},
  author={Krakowka, Amy Richmond and Heimel, Natalie and Galgano, Francis A},
  journal={The Geographical Bulletin},
  volume={53},
  number={1},
  pages={21},
  year={2012},
  publisher={Gamma Theta Upsilon}
}

@techreport{schwartz2003abrupt,
  title={An abrupt climate change scenario and its implications for United States national security},
  author={Schwartz, Peter and Randall, Doug},
  year={2003},
  institution={CALIFORNIA INST OF TECH PASADENA JET PROPULSION LAB}
}

@article{houghton1996climate,
  title={Climate change 1995: the science of climate change},
  author={Houghton, John T and Meiro Filho, LG and Callander, Bruce A and Harris, Neil and Kattenburg, Arie and Maskell, Kathy},
  journal={Climatic Change},
  pages={584},
  year={1996}
}

@article{leiserowitz2005american,
  title={American risk perceptions: Is climate change dangerous?},
  author={Leiserowitz, Anthony A},
  journal={Risk Analysis: An International Journal},
  volume={25},
  number={6},
  pages={1433--1442},
  year={2005},
  publisher={Wiley Online Library}
}

@article{oreskes2004scientific,
  title={The scientific consensus on climate change},
  author={Oreskes, Naomi},
  journal={Science},
  volume={306},
  number={5702},
  pages={1686--1686},
  year={2004},
  publisher={American Association for the Advancement of Science}
}

@article{salehyan2008climate,
  title={From climate change to conflict? No consensus yet},
  author={Salehyan, Idean},
  journal={Journal of Peace Research},
  volume={45},
  number={3},
  pages={315--326},
  year={2008},
  publisher={Sage Publications Sage UK: London, England}
}

@article{theisen2013climate,
  title={Is climate change a driver of armed conflict?},
  author={Theisen, Ole Magnus and Gleditsch, Nils Petter and Buhaug, Halvard},
  journal={Climatic change},
  volume={117},
  number={3},
  pages={613--625},
  year={2013},
  publisher={Springer}
}

@article{reuveny2007climate,
  title={Climate change-induced migration and violent conflict},
  author={Reuveny, Rafael},
  journal={Political geography},
  volume={26},
  number={6},
  pages={656--673},
  year={2007},
  publisher={Elsevier}
}

@article{barnett2007climate,
  title={Climate change, human security and violent conflict},
  author={Barnett, Jon and Adger, W Neil},
  journal={Political geography},
  volume={26},
  number={6},
  pages={639--655},
  year={2007},
  publisher={Elsevier}
}

@article{barnett2003security,
  title={Security and climate change},
  author={Barnett, Jon},
  journal={Global environmental change},
  volume={13},
  number={1},
  pages={7--17},
  year={2003},
  publisher={Elsevier}
}