
@phdthesis{__2009,
	type = {master},
	title = {Sudoku Difficulty Measurement, Generation and Particle Swarm Optimization},
	url = {http://kns.cnki.net/KCMS/detail/detail.aspx?dbcode=CMFD&dbname=CMFD2011&filename=2010059755.nh&uid=WEEvREcwSlJHSldRa1FhdkJkVWEyd2MxZy8rb2p3MGpkL3E2dXJOUkxoZz0=$9A4hF_YAuvQ5obgVAqNKPCYcEjKensW4IQMovwHtwkF4VYPoHbKxJw!!&v=MzI0NDRSTEtlWmVSdkZ5am5XN3JNVjEyNkhyTzlGOWJKcXBFYlBJUjhlWDFMdXhZUzdEaDFUM3FUcldNMUZyQ1U},
	abstract = {数独是近五年来国际上最热门的组合问题之一,国内研究才刚开始。本文从三个方面,即数独的难度衡量、生成,以及数独的微粒群算法研究数独。全文共分为五章。
第一章是绪论部分,主要介绍数独的定义、来源、相关概念和数独已有的一些研究成果。
第二章给出影响数独难度的几种因素,分析候选数为主要因素,再根据其构造加权规范函数WNF(P),计算数值衡量数独难度。
为生成数独,第三章首先考虑数独终盘的生成算法,根据终盘给出生成难度在所给区间内数独的基于数独终盘和逻辑推理的数字删除模型,分析比较此方法和其他方法的复杂性。
第四章简单介绍了几种求解数独的已知方法,回溯法、逻辑推理法、基于图着色问题的数独解法、基于SAT问题的数独解法、遗传算法等,分析各算法复杂性或应用范围。
综合分析已有启发式算法后,第五章提出了数独的微粒群算法,首先仔细介绍微粒群算法的原理,再构造粒子的速度、位置以使此算法可应用于解数独这一离散问题,并进行相关算法实验,将此算法实验结果与蚁群算法、和声算法进行比较。另外,我们利用微粒群算法求解某类按随机生成的数独,分析比较其与模拟退火算法在相变中的情况。},
	language = {中文;},
	urldate = {2018-12-21},
	school = {Zhejiang University},
	author = {Zhang, Yanzong},
	year = {2009},
	keywords = {难度, 生成, 数独, 微粒群算法, 相变, difficulty, generating, phase-transition, PSO algorithm, Sudoku}
}

@article{__2010,
	title = {Optimize the Search Principle to Create a Sudoku Model},
	volume = {40},
	issn = {1000-0984},
	url = {http://kns.cnki.net/KCMS/detail/detail.aspx?dbcode=CJFQ&dbname=CJFD2010&filename=SSJS201002017&uid=WEEvREcwSlJHSldRa1FhdkJkVWEyd2MxZy8rb2p3MGpkL3E2dXJOUkxoZz0=$9A4hF_YAuvQ5obgVAqNKPCYcEjKensW4IQMovwHtwkF4VYPoHbKxJw!!&v=MjgxMDZZUzdEaDFUM3FUcldNMUZyQ1VSTEtlWmVSdkZ5am5XNy9JTmo3QmZiRzRIOUhNclk5RVk0UjhlWDFMdXg},
	abstract = {针对目前流行的数独游戏,建立数学模型,给出了创建不同难度的数独游戏的算法.首先,模型创造性地利用了数独游戏的解题算法的逆过程来创建一个完整的终盘.在此基础上,进一步优化创建终盘的搜索法则,保证了所采用的算法复杂度最小.最后,移去已有终盘上的一些格子以得到一道数独题的初盘,并在此过程中始终保证该问题有且只有唯一解.同时,基于人性化的原则,我们通过玩家使用的解题技巧和频率来划分难度.根据划分的难度等级,依次创建不同难度的数独游戏.},
	language = {中文;},
	number = {02},
	urldate = {2018-12-21},
	journal = {Practice and Understanding of Mathematics},
	author = {Kang, Jing and Liang, Jiaxi and Li, Lemin and Xu, Houbao},
	year = {2010},
	keywords = {难度定义, 数独, 优化搜索, difficulty levels, puzzle-solving techniques, rule to optimize searching},
	pages = {97--102}
}

@article{__2012,
	title = {Study on the Step Number Method of Dividing the Difficulty Level of Sudoku Puzzle},
	volume = {20},
	issn = {1674-6236},
	url = {http://kns.cnki.net/KCMS/detail/detail.aspx?dbcode=CJFQ&dbname=CJFD2012&filename=GWDZ201206031&uid=WEEvREcwSlJHSldRa1FhdkJkVWEyd2MxZy8rb2p3MGpkL3E2dXJOUkxoZz0=$9A4hF_YAuvQ5obgVAqNKPCYcEjKensW4IQMovwHtwkF4VYPoHbKxJw!!&v=MDkyOTdydktJanJQZExHNEg5UE1xWTlHWllSOGVYMUx1eFlTN0RoMVQzcVRyV00xRnJDVVJMS2VaZVJ2Rnlqblc},
	abstract = {从人们常用的解决数独谜题的16条候选数策略出发,将这16条策略分成了6种使用难度级别,设计了一套算法模型化了求解数独谜题的过程,并将数独难度级别划分的问题转化成了使用各种难度级别策略求解数独谜题的步数问题。成功得出了3个临界值,将数独谜题的难度分成了4个级别。最后,我们通过400道已经分成了4种难度级别的数独谜题数据,结合本算法做相关性检验,得到Goodman-Kruskal相关系数r=0.79,说明文中的标准与这400道谜题数据的难度划分标准有很强的相关性。证明了文中所提算法的有效性。},
	language = {中文;},
	number = {06},
	urldate = {2018-12-21},
	journal = {Electronic Design Engineering},
	author = {Cheng, Xi and Xiao, Huayong},
	year = {2012},
	keywords = {步数法, 候选数策略, 难度级别, 数独, 相关性检验, candidates strategy, correlation test, difficulty level, steps method, Sudoku},
	pages = {64--67}
}

@article{__2012-1,
	title = {Research on Weighting Method of Sudoku Difficulty Level Division},
	volume = {38},
	issn = {1000-3428},
	url = {http://kns.cnki.net/KCMS/detail/detail.aspx?dbcode=CJFQ&dbname=CJFD2012&filename=JSJC201210051&uid=WEEvREcwSlJHSldRa1FhdkJkVWEyd2MxZy8rb2p3MGpkL3E2dXJOUkxoZz0=$9A4hF_YAuvQ5obgVAqNKPCYcEjKensW4IQMovwHtwkF4VYPoHbKxJw!!&v=MjMwMDIxTHV4WVM3RGgxVDNxVHJXTTFGckNVUkxLZVplUnZGeWpuV3IzSkx6N0JiYkc0SDlQTnI0OUFaWVI4ZVg},
	abstract = {给出候选数模式下模仿人工智能求解数独的一系列填数及删减规则,在此基础上提出模仿人工智能的求解算法及数独难度衡量方法。从数独博士5个难度级别中随机抽取各100道题目,采用难度衡量标准重新分级,并将结果与数独博士等级划分标准做相关性检验,得到Goodman-Kruskal相关系数r=0.82,说明该标准与数独博士的难度划分标准有较强的相关性,并给出随机生成数独题目的算法。通过难度衡量方法与生成算法,可以随机生成5个不同难度的数独谜题。},
	language = {中文;},
	number = {10},
	urldate = {2018-12-21},
	journal = {Computer Engineering},
	author = {Wu, Linbo and Xiao, HuaYong and Yang, zongze},
	year = {2012},
	keywords = {难度衡量, 人工智能, 数独, 随机生成, 填数及删减规则, 相关系数, artificial intelligence, correlation coefficient, difficulty measure, filling and deleting rules, random generation, Sudoku},
	pages = {161--163+167}
}

@article{__2013,
	title = {Difficulties Division and Creation Algorithm Design of Sudoku Game},
	volume = {16},
	issn = {1007-9599},
	url = {http://kns.cnki.net/KCMS/detail/detail.aspx?dbcode=CJFQ&dbname=CJFD2013&filename=GPRJ201318042&uid=WEEvREcwSlJHSldRa1FhdkJkVWEyd2MxZy8rb2p3MGpkL3E2dXJOUkxoZz0=$9A4hF_YAuvQ5obgVAqNKPCYcEjKensW4IQMovwHtwkF4VYPoHbKxJw!!&v=Mjk2NjV4WVM3RGgxVDNxVHJXTTFGckNVUkxLZVplUnZGeWpuV3IvSUlqM1paTEc0SDlMTnA0OUJab1I4ZVgxTHU},
	abstract = {将"数独"智力游戏的难度划分与创建问题分解为建立终盘和初盘、难度评分、游戏创建。首先采用行列变换的方法建立终盘,然后隐去部分数字并检验解唯一性,得到初盘。在已得到初盘的基础上,根据求解时初级方法和高级方法使用的次数确定难度评分,从而依据分数对题目的难度进行划分,以此创建不同等级难度的"数独"游戏。最后通过实验验证了模型的实用性。},
	language = {中文;},
	number = {18},
	urldate = {2018-12-21},
	journal = {Computer Software and Application},
	author = {Wang, Xinxin and Li, Xing and Zhong, Ning},
	year = {2013},
	keywords = {计算机仿真, 难度划分, 评分模型, 数独},
	pages = {45--46}
}